%% This BibTeX bibliography file was created using BibDesk.
%% http://bibdesk.sourceforge.net/


%% Created for Jake Lane at 2015-03-23 13:36:07 +0000 


%% Saved with string encoding Unicode (UTF-8) 



@book{test_key,
	Address = {a},
	Author = {a},
	Date-Added = {2015-03-09 13:25:38 +0000},
	Date-Modified = {2015-03-09 13:25:51 +0000},
	Edition = {a},
	Editor = {aa},
	Keywords = {a},
	Month = {a},
	Number = {a},
	Publisher = {a},
	Series = {a},
	Title = {a},
	Volume = {a}}

@article{HiggsDetection,
	Archiveprefix = {arXiv},
	Author = {Aad, Georges and others},
	Collaboration = {ATLAS},
	Doi = {10.1016/j.physletb.2012.08.020},
	Eprint = {1207.7214},
	Journal = {Phys.Lett.},
	Pages = {1-29},
	Primaryclass = {hep-ex},
	Reportnumber = {CERN-PH-EP-2012-218},
	Slaccitation = {%%CITATION = ARXIV:1207.7214;%%},
	Title = {{Observation of a new particle in the search for the Standard Model Higgs boson with the ATLAS detector at the LHC}},
	Volume = {B716},
	Year = {2012},
	Bdsk-Url-1 = {http://dx.doi.org/10.1016/j.physletb.2012.08.020}}

@article{diphoton,
	Archiveprefix = {arXiv},
	Author = {Diaz-Cruz, J. Lorenzo and Ghosh, Dilip Kumar and Moretti, Stefano},
	Doi = {10.1103/PhysRevD.68.014019},
	Eprint = {hep-ph/0303251},
	Journal = {Phys.Rev.},
	Pages = {014019},
	Primaryclass = {hep-ph},
	Reportnumber = {HEP-IFUAP-02-03, SHEP-03-05},
	Slaccitation = {%%CITATION = HEP-PH/0303251;%%},
	Title = {{The Diphoton signature of Higgs bosons in GMSB models at the CERN LHC}},
	Volume = {D68},
	Year = {2003},
	Bdsk-Url-1 = {http://dx.doi.org/10.1103/PhysRevD.68.014019}}

@article{HiggsCross1,
	Archiveprefix = {arXiv},
	Author = {Dittmaier, S. and others},
	Collaboration = {LHC Higgs Cross Section Working Group},
	Doi = {10.5170/CERN-2011-002},
	Eprint = {1101.0593},
	Primaryclass = {hep-ph},
	Reportnumber = {CERN-2011-002},
	Slaccitation = {%%CITATION = ARXIV:1101.0593;%%},
	Title = {{Handbook of LHC Higgs Cross Sections: 1. Inclusive Observables}},
	Year = {2011},
	Bdsk-Url-1 = {http://dx.doi.org/10.5170/CERN-2011-002}}

@article{HiggsCross3,
	Archiveprefix = {arXiv},
	Author = {Heinemeyer, S and others},
	Collaboration = {LHC Higgs Cross Section Working Group},
	Doi = {10.5170/CERN-2013-004},
	Editor = {Heinemeyer, S},
	Eprint = {1307.1347},
	Primaryclass = {hep-ph},
	Reportnumber = {CERN-2013-004, FERMILAB-CONF-13-667-T},
	Slaccitation = {%%CITATION = ARXIV:1307.1347;%%},
	Title = {{Handbook of LHC Higgs Cross Sections: 3. Higgs Properties}},
	Year = {2013},
	Bdsk-Url-1 = {http://dx.doi.org/10.5170/CERN-2013-004}}

@article{HiggsTevatron,
	Archiveprefix = {arXiv},
	Author = {Junk, Thomas R. and Juste, Aurelio},
	Doi = {10.1142/S0217751X15410067},
	Eprint = {1409.5043},
	Journal = {Int.J.Mod.Phys.},
	Pages = {1541006},
	Primaryclass = {hep-ex},
	Reportnumber = {FERMILAB-PUB-14-349-E},
	Slaccitation = {%%CITATION = ARXIV:1409.5043;%%},
	Title = {{Review of Physics Results from the Tevatron: Higgs Boson Physics}},
	Volume = {A30},
	Year = {2015},
	Bdsk-Url-1 = {http://dx.doi.org/10.1142/S0217751X15410067}}

@article{diphotonexcess,
	Author = {Maru, Nobuhito and Okada, Nobuchika},
	Doi = {10.1103/PhysRevD.87.095019},
	Issue = {9},
	Journal = {Phys. Rev. D},
	Month = {May},
	Numpages = {9},
	Pages = {095019},
	Publisher = {American Physical Society},
	Title = {Diphoton decay excess and 125~GeV Higgs boson in gauge-Higgs unification},
	Url = {http://link.aps.org/doi/10.1103/PhysRevD.87.095019},
	Volume = {87},
	Year = {2013},
	Bdsk-Url-1 = {http://link.aps.org/doi/10.1103/PhysRevD.87.095019},
	Bdsk-Url-2 = {http://dx.doi.org/10.1103/PhysRevD.87.095019}}

@article{HiggsdecayEMback,
	Author = {Nielsen, N.\,K.},
	Doi = {10.1103/PhysRevD.90.016010},
	Issue = {1},
	Journal = {Phys. Rev. D},
	Month = {Jul},
	Numpages = {24},
	Pages = {016010},
	Publisher = {American Physical Society},
	Title = {Higgs boson decay into two photons in an electromagnetic background field},
	Url = {http://link.aps.org/doi/10.1103/PhysRevD.90.016010},
	Volume = {90},
	Year = {2014},
	Bdsk-Url-1 = {http://link.aps.org/doi/10.1103/PhysRevD.90.016010},
	Bdsk-Url-2 = {http://dx.doi.org/10.1103/PhysRevD.90.016010}}

@article{statisticalsignificance,
	Archiveprefix = {arXiv},
	Author = {Sinervo, Pekka K.},
	Eprint = {hep-ex/0208005},
	Pages = {64-76},
	Primaryclass = {hep-ex},
	Reportnumber = {CDF-PUB-STATISTICS-PUBLIC-6031},
	Slaccitation = {%%CITATION = HEP-EX/0208005;%%},
	Title = {{Signal significance in particle physics}},
	Year = {2002}}

@article{peterHiggs66,
  title = {Spontaneous Symmetry Breakdown without Massless Bosons},
  author = {Higgs, Peter W.},
  journal = {Phys. Rev.},
  volume = {145},
  issue = {4},
  pages = {1156--1163},
  numpages = {0},
  year = {1966},
  month = {May},
  publisher = {American Physical Society},
  doi = {10.1103/PhysRev.145.1156},
  url = {http://link.aps.org/doi/10.1103/PhysRev.145.1156}
}


@article{HiggsSearch,
	Author = {G. Aad and B. Abbott and J. Abdallah and S. Abdel Khalek and A.A. Abdelalim and A. Abdesselam and O. Abdinov and B. Abi and M. Abolins and O.S. AbouZeid and H. Abramowicz and H. Abreu and E. Acerbi and B.S. Acharya and L. Adamczyk and D.L. Adams and T.N. Addy and J. Adelman and M. Aderholz and S. Adomeit and P. Adragna and T. Adye and S. Aefsky and J.A. Aguilar-Saavedra and M. Aharrouche and S.P. Ahlen and F. Ahles and A. Ahmad and M. Ahsan and G. Aielli and T. Akdogan and T.P.A. {\AA}kesson and G. Akimoto and A.V. Akimov and A. Akiyama and M.S. Alam and M.A. Alam and J. Albert and S. Albrand and M. Aleksa and I.N. Aleksandrov and F. Alessandria and C. Alexa and G. Alexander and G. Alexandre and T. Alexopoulos and M. Alhroob and M. Aliev and G. Alimonti and J. Alison and M. Aliyev and B.M.M. Allbrooke and P.P. Allport and S.E. Allwood-Spiers and J. Almond and A. Aloisio and R. Alon and A. Alonso and B. Alvarez Gonzalez and M.G. Alviggi and K. Amako and P. Amaral and C. Amelung and V.V. Ammosov and A. Amorim and G. Amor{\'o}s and N. Amram and C. Anastopoulos and L.S. Ancu and N. Andari and T. Andeen and C.F. Anders and G. Anders and K.J. Anderson and A. Andreazza and V. Andrei and M.-L. Andrieux and X.S. Anduaga and A. Angerami and F. Anghinolfi and A. Anisenkov and N. Anjos and A. Annovi and A. Antonaki and M. Antonelli and A. Antonov and J. Antos and F. Anulli and S. Aoun and L. Aperio Bella and R. Apolle and G. Arabidze and I. Aracena and Y. Arai and A.T.H. Arce and S. Arfaoui and J.-F. Arguin and E. Arik and M. Arik and A.J. Armbruster and O. Arnaez and V. Arnal and C. Arnault and A. Artamonov and G. Artoni and D. Arutinov and S. Asai and R. Asfandiyarov and S. Ask and B. {\AA}sman and L. Asquith and K. Assamagan and A. Astbury and A. Astvatsatourov and B. Aubert and E. Auge and K. Augsten and M. Aurousseau and G. Avolio and R. Avramidou and D. Axen and C. Ay and G. Azuelos and Y. Azuma and M.A. Baak and G. Baccaglioni and C. Bacci and A.M. Bach and H. Bachacou and K. Bachas and M. Backes and M. Backhaus and E. Badescu and P. Bagnaia and S. Bahinipati and Y. Bai and D.C. Bailey and T. Bain and J.T. Baines and O.K. Baker and M.D. Baker and S. Baker and E. Banas and P. Banerjee and Sw. Banerjee and D. Banfi and A. Bangert and V. Bansal and H.S. Bansil and L. Barak and S.P. Baranov and A. Barashkou and A. Barbaro Galtieri and T. Barber and E.L. Barberio and D. Barberis and M. Barbero and D.Y. Bardin and T. Barillari and M. Barisonzi and T. Barklow and N. Barlow and B.M. Barnett and R.M. Barnett and A. Baroncelli and G. Barone and A.J. Barr and F. Barreiro and J. Barreiro Guimar{\~a}es da Costa and P. Barrillon and R. Bartoldus and A.E. Barton and V. Bartsch and R.L. Bates and L. Batkova and J.R. Batley and A. Battaglia and M. Battistin and F. Bauer and H.S. Bawa and S. Beale and T. Beau and P.H. Beauchemin and R. Beccherle and P. Bechtle and H.P. Beck and S. Becker and M. Beckingham and K.H. Becks and A.J. Beddall and A. Beddall and S. Bedikian and V.A. Bednyakov and C.P. Bee and M. Begel and S. Behar Harpaz and P.K. Behera and M. Beimforde and C. Belanger-Champagne and P.J. Bell and W.H. Bell and G. Bella and L. Bellagamba and F. Bellina and M. Bellomo and A. Belloni and O. Beloborodova and K. Belotskiy and O. Beltramello and O. Benary and D. Benchekroun and M. Bendel and N. Benekos and Y. Benhammou and E. Benhar Noccioli and J.A. Benitez Garcia and D.P. Benjamin and M. Benoit and J.R. Bensinger and K. Benslama and S. Bentvelsen and D. Berge and E. Bergeaas Kuutmann and N. Berger and F. Berghaus and E. Berglund and J. Beringer and P. Bernat and R. Bernhard and C. Bernius and T. Berry and C. Bertella and A. Bertin and F. Bertinelli and F. Bertolucci and M.I. Besana and N. Besson and S. Bethke and W. Bhimji and R.M. Bianchi and M. Bianco and O. Biebel and S.P. Bieniek and K. Bierwagen and J. Biesiada and M. Biglietti and H. Bilokon and M. Bindi and S. Binet and A. Bingul and C. Bini and C. Biscarat and U. Bitenc and K.M. Black and R.E. Blair and J.-B. Blanchard and G. Blanchot and T. Blazek and C. Blocker and J. Blocki and A. Blondel and W. Blum and U. Blumenschein and G.J. Bobbink and V.B. Bobrovnikov and S.S. Bocchetta and A. Bocci and C.R. Boddy and M. Boehler and J. Boek and N. Boelaert and J.A. Bogaerts and A. Bogdanchikov and A. Bogouch and C. Bohm and J. Bohm and V. Boisvert and T. Bold and V. Boldea and N.M. Bolnet and M. Bomben and M. Bona and V.G. Bondarenko and M. Bondioli and M. Boonekamp and C.N. Booth and S. Bordoni and C. Borer and A. Borisov and G. Borissov and I. Borjanovic and M. Borri and S. Borroni and V. Bortolotto and K. Bos and D. Boscherini and M. Bosman and H. Boterenbrood and D. Botterill and J. Bouchami and J. Boudreau and E.V. Bouhova-Thacker and D. Boumediene and C. Bourdarios and N. Bousson and A. Boveia and J. Boyd and I.R. Boyko and N.I. Bozhko and I. Bozovic-Jelisavcic and J. Bracinik and A. Braem and P. Branchini and G.W. Brandenburg and A. Brandt and G. Brandt and O. Brandt and U. Bratzler and B. Brau and J.E. Brau and H.M. Braun and B. Brelier and J. Bremer and R. Brenner and S. Bressler and D. Britton and F.M. Brochu and I. Brock and R. Brock and T.J. Brodbeck and E. Brodet and F. Broggi and C. Bromberg and J. Bronner and G. Brooijmans and W.K. Brooks and G. Brown and H. Brown and P.A. Bruckman de Renstrom and D. Bruncko and R. Bruneliere and S. Brunet and A. Bruni and G. Bruni and M. Bruschi and T. Buanes and Q. Buat and F. Bucci and J. Buchanan and N.J. Buchanan and P. Buchholz and R.M. Buckingham and A.G. Buckley and S.I. Buda and I.A. Budagov and B. Budick and V. B{\"u}scher and L. Bugge and O. Bulekov and M. Bunse and T. Buran and H. Burckhart and S. Burdin and T. Burgess and S. Burke and E. Busato and P. Bussey and C.P. Buszello and F. Butin and B. Butler and J.M. Butler and C.M. Buttar and J.M. Butterworth and W. Buttinger and S. Cabrera Urb{\'a}n and D. Caforio and O. Cakir and P. Calafiura and G. Calderini and P. Calfayan and R. Calkins and L.P. Caloba and R. Caloi and D. Calvet and S. Calvet and R. Camacho Toro and P. Camarri and M. Cambiaghi and D. Cameron and L.M. Caminada and S. Campana and M. Campanelli and V. Canale and F. Canelli and A. Canepa and J. Cantero and L. Capasso and M.D.M. Capeans Garrido and I. Caprini and M. Caprini and D. Capriotti and M. Capua and R. Caputo and R. Cardarelli and T. Carli and G. Carlino and L. Carminati and B. Caron and S. Caron and E. Carquin and G.D. Carrillo Montoya and A.A. Carter and J.R. Carter and J. Carvalho and D. Casadei and M.P. Casado and M. Cascella and C. Caso and A.M. Castaneda Hernandez and E. Castaneda-Miranda and V. Castillo Gimenez and N.F. Castro and G. Cataldi and A. Catinaccio and J.R. Catmore and A. Cattai and G. Cattani and S. Caughron and D. Cauz and P. Cavalleri and D. Cavalli and M. Cavalli-Sforza and V. Cavasinni and F. Ceradini and A.S. Cerqueira and A. Cerri and L. Cerrito and F. Cerutti and S.A. Cetin and F. Cevenini and A. Chafaq and D. Chakraborty and K. Chan and B. Chapleau and J.D. Chapman and J.W. Chapman and E. Chareyre and D.G. Charlton and V. Chavda and C.A. Chavez Barajas and S. Cheatham and S. Chekanov and S.V. Chekulaev and G.A. Chelkov and M.A. Chelstowska and C. Chen and H. Chen and S. Chen and T. Chen and X. Chen and S. Cheng and A. Cheplakov and V.F. Chepurnov and R. Cherkaoui El Moursli and V. Chernyatin and E. Cheu and S.L. Cheung and L. Chevalier and G. Chiefari and L. Chikovani and J.T. Childers and A. Chilingarov and G. Chiodini and A.S. Chisholm and R.T. Chislett and M.V. Chizhov and G. Choudalakis and S. Chouridou and I.A. Christidi and A. Christov and D. Chromek-Burckhart and M.L. Chu and J. Chudoba and G. Ciapetti and A.K. Ciftci and R. Ciftci and D. Cinca and V. Cindro and M.D. Ciobotaru and C. Ciocca and A. Ciocio and M. Cirilli and M. Citterio and M. Ciubancan and A. Clark and P.J. Clark and W. Cleland and J.C. Clemens and B. Clement and C. Clement and R.W. Clifft and Y. Coadou and M. Cobal and A. Coccaro and J. Cochran and P. Coe and J.G. Cogan and J. Coggeshall and E. Cogneras and J. Colas and A.P. Colijn and C. Collard and N.J. Collins and C. Collins-Tooth and J. Collot and G. Colon and P. Conde Mui{\~n}o and E. Coniavitis and M.C. Conidi and M. Consonni and S.M. Consonni and V. Consorti and S. Constantinescu and C. Conta and G. Conti and F. Conventi and J. Cook and M. Cooke and B.D. Cooper and A.M. Cooper-Sarkar and K. Copic and T. Cornelissen and M. Corradi and F. Corriveau and A. Cortes-Gonzalez and G. Cortiana and G. Costa and M.J. Costa and D. Costanzo and T. Costin and D. C{\^o}t{\'e} and R. Coura Torres and L. Courneyea and G. Cowan and C. Cowden and B.E. Cox and K. Cranmer and F. Crescioli and M. Cristinziani and G. Crosetti and R. Crupi and S. Cr{\'e}p{\'e}-Renaudin and C.-M. Cuciuc and C. Cuenca Almenar and T. Cuhadar Donszelmann and M. Curatolo and C.J. Curtis and C. Cuthbert and P. Cwetanski and H. Czirr and P. Czodrowski and Z. Czyczula and S. DʼAuria and M. DʼOnofrio and A. DʼOrazio and P.V.M. Da Silva and C. Da Via and W. Dabrowski and T. Dai and C. Dallapiccola and M. Dam and M. Dameri and D.S. Damiani and H.O. Danielsson and D. Dannheim and V. Dao and G. Darbo and G.L. Darlea and W. Davey and T. Davidek and N. Davidson and R. Davidson and E. Davies and M. Davies and A.R. Davison and Y. Davygora and E. Dawe and I. Dawson and J.W. Dawson and R.K. Daya and K. De and R. de Asmundis and S. De Castro and P.E. De Castro Faria Salgado and S. De Cecco and J. de Graat and N. De Groot and P. de Jong and C. De La Taille and H. De la Torre and B. De Lotto and L. de Mora and L. De Nooij and D. De Pedis and A. De Salvo and U. De Sanctis and A. De Santo and J.B. De Vivie De Regie and G. De Zorzi and S. Dean and W.J. Dearnaley and R. Debbe and C. Debenedetti and B. Dechenaux and D.V. Dedovich and J. Degenhardt and M. Dehchar and C. Del Papa and J. Del Peso and T. Del Prete and T. Delemontex and M. Deliyergiyev and A. DellʼAcqua and L. DellʼAsta and M. Della Pietra and D. della Volpe and M. Delmastro and N. Delruelle and P.A. Delsart and C. Deluca and S. Demers and M. Demichev and B. Demirkoz and J. Deng and S.P. Denisov and D. Derendarz and J.E. Derkaoui and F. Derue and P. Dervan and K. Desch and E. Devetak and P.O. Deviveiros and A. Dewhurst and B. DeWilde and S. Dhaliwal and R. Dhullipudi and A. Di Ciaccio and L. Di Ciaccio and A. Di Girolamo and B. Di Girolamo and S. Di Luise and A. Di Mattia and B. Di Micco and R. Di Nardo and A. Di Simone and R. Di Sipio and M.A. Diaz and F. Diblen and E.B. Diehl and J. Dietrich and T.A. Dietzsch and S. Diglio and K. Dindar Yagci and J. Dingfelder and C. Dionisi and P. Dita and S. Dita and F. Dittus and F. Djama and T. Djobava and M.A.B. do Vale and A. Do Valle Wemans and T.K.O. Doan and M. Dobbs and R. Dobinson and D. Dobos and E. Dobson and M. Dobson and J. Dodd and C. Doglioni and T. Doherty and Y. Doi and J. Dolejsi and I. Dolenc and Z. Dolezal and B.A. Dolgoshein and T. Dohmae and M. Donadelli and M. Donega and J. Donini and J. Dopke and A. Doria and A. Dos Anjos and M. Dosil and A. Dotti and M.T. Dova and A.D. Doxiadis and A.T. Doyle and Z. Drasal and J. Drees and N. Dressnandt and H. Drevermann and C. Driouichi and M. Dris and J. Dubbert and S. Dube and E. Duchovni and G. Duckeck and A. Dudarev and F. Dudziak and M. D{\"u}hrssen and I.P. Duerdoth and L. Duflot and M.-A. Dufour and M. Dunford and H. Duran Yildiz and R. Duxfield and M. Dwuznik and F. Dydak and M. D{\"u}ren and W.L. Ebenstein and J. Ebke and S. Eckweiler and K. Edmonds and C.A. Edwards and N.C. Edwards and W. Ehrenfeld and T. Ehrich and T. Eifert and G. Eigen and K. Einsweiler and E. Eisenhandler and T. Ekelof and M. El Kacimi and M. Ellert and S. Elles and F. Ellinghaus and K. Ellis and N. Ellis and J. Elmsheuser and M. Elsing and D. Emeliyanov and R. Engelmann and A. Engl and B. Epp and A. Eppig and J. Erdmann and A. Ereditato and D. Eriksson and J. Ernst and M. Ernst and J. Ernwein and D. Errede and S. Errede and E. Ertel and M. Escalier and C. Escobar and X. Espinal Curull and B. Esposito and F. Etienne and A.I. Etienvre and E. Etzion and D. Evangelakou and H. Evans and L. Fabbri and C. Fabre and R.M. Fakhrutdinov and S. Falciano and Y. Fang and M. Fanti and A. Farbin and A. Farilla and J. Farley and T. Farooque and S. Farrell and S.M. Farrington and P. Farthouat and P. Fassnacht and D. Fassouliotis and B. Fatholahzadeh and A. Favareto and L. Fayard and S. Fazio and R. Febbraro and P. Federic and O.L. Fedin and W. Fedorko and M. Fehling-Kaschek and L. Feligioni and D. Fellmann and C. Feng and E.J. Feng and A.B. Fenyuk and J. Ferencei and J. Ferland and W. Fernando and S. Ferrag and J. Ferrando and V. Ferrara and A. Ferrari and P. Ferrari and R. Ferrari and D.E. Ferreira de Lima and A. Ferrer and M.L. Ferrer and D. Ferrere and C. Ferretti and A. Ferretto Parodi and M. Fiascaris and F. Fiedler and A. Filip{\v c}i{\v c} and A. Filippas and F. Filthaut and M. Fincke-Keeler and M.C.N. Fiolhais and L. Fiorini and A. Firan and G. Fischer and P. Fischer and M.J. Fisher and M. Flechl and I. Fleck and J. Fleckner and P. Fleischmann and S. Fleischmann and T. Flick and A. Floderus and L.R. Flores Castillo and M.J. Flowerdew and M. Fokitis and T. Fonseca Martin and D.A. Forbush and A. Formica and A. Forti and D. Fortin and J.M. Foster and D. Fournier and A. Foussat and A.J. Fowler and K. Fowler and H. Fox and P. Francavilla and S. Franchino and D. Francis and T. Frank and M. Franklin and S. Franz and M. Fraternali and S. Fratina and S.T. French and F. Friedrich and R. Froeschl and D. Froidevaux and J.A. Frost and C. Fukunaga and E. Fullana Torregrosa and J. Fuster and C. Gabaldon and O. Gabizon and T. Gadfort and S. Gadomski and G. Gagliardi and P. Gagnon and C. Galea and E.J. Gallas and V. Gallo and B.J. Gallop and P. Gallus and K.K. Gan and Y.S. Gao and V.A. Gapienko and A. Gaponenko and F. Garberson and M. Garcia-Sciveres and C. Garc{\'\i}a and J.E. Garc{\'\i}a Navarro and R.W. Gardner and N. Garelli and H. Garitaonandia and V. Garonne and J. Garvey and C. Gatti and G. Gaudio and B. Gaur and L. Gauthier and P. Gauzzi and I.L. Gavrilenko and C. Gay and G. Gaycken and J.-C. Gayde and E.N. Gazis and P. Ge and C.N.P. Gee and D.A.A. Geerts and Ch. Geich-Gimbel and K. Gellerstedt and C. Gemme and A. Gemmell and M.H. Genest and S. Gentile and M. George and S. George and P. Gerlach and A. Gershon and C. Geweniger and H. Ghazlane and N. Ghodbane and B. Giacobbe and S. Giagu and V. Giakoumopoulou and V. Giangiobbe and F. Gianotti and B. Gibbard and A. Gibson and S.M. Gibson and L.M. Gilbert and V. Gilewsky and D. Gillberg and A.R. Gillman and D.M. Gingrich and J. Ginzburg and N. Giokaris and M.P. Giordani and R. Giordano and F.M. Giorgi and P. Giovannini and P.F. Giraud and D. Giugni and M. Giunta and P. Giusti and B.K. Gjelsten and L.K. Gladilin and C. Glasman and J. Glatzer and A. Glazov and K.W. Glitza and G.L. Glonti and J.R. Goddard and J. Godfrey and J. Godlewski and M. Goebel and T. G{\"o}pfert and C. Goeringer and C. G{\"o}ssling and T. G{\"o}ttfert and S. Goldfarb and T. Golling and A. Gomes and L.S. Gomez Fajardo and R. Gon{\c c}alo and J. Goncalves Pinto Firmino Da Costa and L. Gonella and A. Gonidec and S. Gonzalez and S. Gonz{\'a}lez de la Hoz and G. Gonzalez Parra and M.L. Gonzalez Silva and S. Gonzalez-Sevilla and J.J. Goodson and L. Goossens and P.A. Gorbounov and H.A. Gordon and I. Gorelov and G. Gorfine and B. Gorini and E. Gorini and A. Gori{\v s}ek and E. Gornicki and V.N. Goryachev and B. Gosdzik and M. Gosselink and M.I. Gostkin and I. Gough Eschrich and M. Gouighri and D. Goujdami and M.P. Goulette and A.G. Goussiou and C. Goy and S. Gozpinar and I. Grabowska-Bold and P. Grafstr{\"o}m and K.-J. Grahn and F. Grancagnolo and S. Grancagnolo and V. Grassi and V. Gratchev and N. Grau and H.M. Gray and J.A. Gray and E. Graziani and O.G. Grebenyuk and T. Greenshaw and Z.D. Greenwood and K. Gregersen and I.M. Gregor and P. Grenier and J. Griffiths and N. Grigalashvili and A.A. Grillo and S. Grinstein and Y.V. Grishkevich and J.-F. Grivaz and M. Groh and E. Gross and J. Grosse-Knetter and J. Groth-Jensen and K. Grybel and V.J. Guarino and D. Guest and C. Guicheney and A. Guida and S. Guindon and H. Guler and J. Gunther and B. Guo and J. Guo and A. Gupta and Y. Gusakov and V.N. Gushchin and P. Gutierrez and N. Guttman and O. Gutzwiller and C. Guyot and C. Gwenlan and C.B. Gwilliam and A. Haas and S. Haas and C. Haber and R. Hackenburg and H.K. Hadavand and D.R. Hadley and P. Haefner and F. Hahn and S. Haider and Z. Hajduk and H. Hakobyan and D. Hall and J. Haller and K. Hamacher and P. Hamal and M. Hamer and A. Hamilton and S. Hamilton and H. Han and L. Han and K. Hanagaki and K. Hanawa and M. Hance and C. Handel and P. Hanke and J.R. Hansen and J.B. Hansen and J.D. Hansen and P.H. Hansen and P. Hansson and K. Hara and G.A. Hare and T. Harenberg and S. Harkusha and D. Harper and R.D. Harrington and O.M. Harris and K. Harrison and J. Hartert and F. Hartjes and T. Haruyama and A. Harvey and S. Hasegawa and Y. Hasegawa and S. Hassani and M. Hatch and D. Hauff and S. Haug and M. Hauschild and R. Hauser and M. Havranek and B.M. Hawes and C.M. Hawkes and R.J. Hawkings and A.D. Hawkins and D. Hawkins and T. Hayakawa and T. Hayashi and D. Hayden and H.S. Hayward and S.J. Haywood and E. Hazen and M. He and S.J. Head and V. Hedberg and L. Heelan and S. Heim and B. Heinemann and S. Heisterkamp and L. Helary and C. Heller and M. Heller and S. Hellman and D. Hellmich and C. Helsens and R.C.W. Henderson and M. Henke and A. Henrichs and A.M. Henriques Correia and S. Henrot-Versille and F. Henry-Couannier and C. Hensel and T. Hen{\ss} and C.M. Hernandez and Y. Hern{\'a}ndez Jim{\'e}nez and R. Herrberg and A.D. Hershenhorn and G. Herten and R. Hertenberger and L. Hervas and G.G. Hesketh and N.P. Hessey and E. Hig{\'o}n-Rodriguez and D. Hill and J.C. Hill and N. Hill and K.H. Hiller and S. Hillert and S.J. Hillier and I. Hinchliffe and E. Hines and M. Hirose and F. Hirsch and D. Hirschbuehl and J. Hobbs and N. Hod and M.C. Hodgkinson and P. Hodgson and A. Hoecker and M.R. Hoeferkamp and J. Hoffman and D. Hoffmann and M. Hohlfeld and M. Holder and S.O. Holmgren and T. Holy and J.L. Holzbauer and Y. Homma and T.M. Hong and L. Hooft van Huysduynen and T. Horazdovsky and C. Horn and S. Horner and J.-Y. Hostachy and S. Hou and M.A. Houlden and A. Hoummada and J. Howarth and D.F. Howell and I. Hristova and J. Hrivnac and I. Hruska and T. Hrynʼova and P.J. Hsu and S.-C. Hsu and G.S. Huang and Z. Hubacek and F. Hubaut and F. Huegging and A. Huettmann and T.B. Huffman and E.W. Hughes and G. Hughes and R.E. Hughes-Jones and M. Huhtinen and P. Hurst and M. Hurwitz and U. Husemann and N. Huseynov and J. Huston and J. Huth and G. Iacobucci and G. Iakovidis and M. Ibbotson and I. Ibragimov and R. Ichimiya and L. Iconomidou-Fayard and J. Idarraga and P. Iengo and O. Igonkina and Y. Ikegami and M. Ikeno and Y. Ilchenko and D. Iliadis and N. Ilic and M. Imori and T. Ince and J. Inigo-Golfin and P. Ioannou and M. Iodice and V. Ippolito and A. Irles Quiles and C. Isaksson and A. Ishikawa and M. Ishino and R. Ishmukhametov and C. Issever and S. Istin and A.V. Ivashin and W. Iwanski and H. Iwasaki and J.M. Izen and V. Izzo and B. Jackson and J.N. Jackson and P. Jackson and M.R. Jaekel and V. Jain and K. Jakobs and S. Jakobsen and J. Jakubek and D.K. Jana and E. Jansen and H. Jansen and A. Jantsch and M. Janus and G. Jarlskog and L. Jeanty and K. Jelen and I. Jen-La Plante and P. Jenni and A. Jeremie and P. Je{\v z} and S. J{\'e}z{\'e}quel and M.K. Jha and H. Ji and W. Ji and J. Jia and Y. Jiang and M. Jimenez Belenguer and G. Jin and S. Jin and O. Jinnouchi and M.D. Joergensen and D. Joffe and L.G. Johansen and M. Johansen and K.E. Johansson and P. Johansson and S. Johnert and K.A. Johns and K. Jon-And and G. Jones and R.W.L. Jones and T.W. Jones and T.J. Jones and O. Jonsson and C. Joram and P.M. Jorge and J. Joseph and K.D. Joshi and J. Jovicevic and T. Jovin and X. Ju and C.A. Jung and R.M. Jungst and V. Juranek and P. Jussel and A. Juste Rozas and V.V. Kabachenko and S. Kabana and M. Kaci and A. Kaczmarska and P. Kadlecik and M. Kado and H. Kagan and M. Kagan and S. Kaiser and E. Kajomovitz and S. Kalinin and L.V. Kalinovskaya and S. Kama and N. Kanaya and M. Kaneda and S. Kaneti and T. Kanno and V.A. Kantserov and J. Kanzaki and B. Kaplan and A. Kapliy and J. Kaplon and D. Kar and M. Karagoz and M. Karnevskiy and V. Kartvelishvili and A.N. Karyukhin and L. Kashif and G. Kasieczka and A. Kasmi and R.D. Kass and A. Kastanas and M. Kataoka and Y. Kataoka and E. Katsoufis and J. Katzy and V. Kaushik and K. Kawagoe and T. Kawamoto and G. Kawamura and M.S. Kayl and V.A. Kazanin and M.Y. Kazarinov and R. Keeler and R. Kehoe and M. Keil and G.D. Kekelidze and J.S. Keller and J. Kennedy and M. Kenyon and O. Kepka and N. Kerschen and B.P. Ker{\v s}evan and S. Kersten and K. Kessoku and J. Keung and M. Khakzad and F. Khalil-zada and H. Khandanyan and A. Khanov and D. Kharchenko and A. Khodinov and A.G. Kholodenko and A. Khomich and T.J. Khoo and G. Khoriauli and A. Khoroshilov and N. Khovanskiy and V. Khovanskiy and E. Khramov and J. Khubua and H. Kim and M.S. Kim and S.H. Kim and N. Kimura and O. Kind and B.T. King and M. King and R.S.B. King and J. Kirk and L.E. Kirsch and A.E. Kiryunin and T. Kishimoto and D. Kisielewska and T. Kittelmann and A.M. Kiver and E. Kladiva and M. Klein and U. Klein and K. Kleinknecht and M. Klemetti and A. Klier and P. Klimek and A. Klimentov and R. Klingenberg and J.A. Klinger and E.B. Klinkby and T. Klioutchnikova and P.F. Klok and S. Klous and E.-E. Kluge and T. Kluge and P. Kluit and S. Kluth and N.S. Knecht and E. Kneringer and J. Knobloch and E.B.F.G. Knoops and A. Knue and B.R. Ko and T. Kobayashi and M. Kobel and M. Kocian and P. Kodys and K. K{\"o}neke and A.C. K{\"o}nig and S. Koenig and L. K{\"o}pke and F. Koetsveld and P. Koevesarki and T. Koffas and E. Koffeman and L.A. Kogan and F. Kohn and Z. Kohout and T. Kohriki and T. Koi and T. Kokott and G.M. Kolachev and H. Kolanoski and V. Kolesnikov and I. Koletsou and J. Koll and M. Kollefrath and S.D. Kolya and A.A. Komar and Y. Komori and T. Kondo and T. Kono and A.I. Kononov and R. Konoplich and N. Konstantinidis and A. Kootz and S. Koperny and K. Korcyl and K. Kordas and V. Koreshev and A. Korn and A. Korol and I. Korolkov and E.V. Korolkova and V.A. Korotkov and O. Kortner and S. Kortner and V.V. Kostyukhin and M.J. Kotam{\"a}ki and S. Kotov and V.M. Kotov and A. Kotwal and C. Kourkoumelis and V. Kouskoura and A. Koutsman and R. Kowalewski and T.Z. Kowalski and W. Kozanecki and A.S. Kozhin and V. Kral and V.A. Kramarenko and G. Kramberger and M.W. Krasny and A. Krasznahorkay and J. Kraus and J.K. Kraus and A. Kreisel and S. Kreiss and F. Krejci and J. Kretzschmar and N. Krieger and P. Krieger and K. Kroeninger and H. Kroha and J. Kroll and J. Kroseberg and J. Krstic and U. Kruchonak and H. Kr{\"u}ger and T. Kruker and N. Krumnack and Z.V. Krumshteyn and A. Kruth and T. Kubota and S. Kuday and S. Kuehn and A. Kugel and T. Kuhl and D. Kuhn and V. Kukhtin and Y. Kulchitsky and S. Kuleshov and C. Kummer and M. Kuna and N. Kundu and J. Kunkle and A. Kupco and H. Kurashige and M. Kurata and Y.A. Kurochkin and V. Kus and E.S. Kuwertz and M. Kuze and J. Kvita and R. Kwee and A. La Rosa and L. La Rotonda and L. Labarga and J. Labbe and S. Lablak and C. Lacasta and F. Lacava and H. Lacker and D. Lacour and V.R. Lacuesta and E. Ladygin and R. Lafaye and B. Laforge and T. Lagouri and S. Lai and E. Laisne and M. Lamanna and L. Lambourne and C.L. Lampen and W. Lampl and E. Lancon and U. Landgraf and M.P.J. Landon and J.L. Lane and C. Lange and A.J. Lankford and F. Lanni and K. Lantzsch and S. Laplace and C. Lapoire and J.F. Laporte and T. Lari and A.V. Larionov and A. Larner and C. Lasseur and M. Lassnig and P. Laurelli and V. Lavorini and W. Lavrijsen and P. Laycock and A.B. Lazarev and O. Le Dortz and E. Le Guirriec and C. Le Maner and E. Le Menedeu and C. Lebel and T. LeCompte and F. Ledroit-Guillon and H. Lee and J.S.H. Lee and S.C. Lee and L. Lee and M. Lefebvre and M. Legendre and A. Leger and B.C. LeGeyt and F. Legger and C. Leggett and M. Lehmacher and G. Lehmann Miotto and X. Lei and M.A.L. Leite and R. Leitner and D. Lellouch and M. Leltchouk and B. Lemmer and V. Lendermann and K.J.C. Leney and T. Lenz and G. Lenzen and B. Lenzi and K. Leonhardt and S. Leontsinis and C. Leroy and J.-R. Lessard and J. Lesser and C.G. Lester and A. Leung Fook Cheong and J. Lev{\^e}que and D. Levin and L.J. Levinson and M.S. Levitski and A. Lewis and G.H. Lewis and A.M. Leyko and M. Leyton and B. Li and H. Li and S. Li and X. Li and Z. Liang and H. Liao and B. Liberti and P. Lichard and M. Lichtnecker and K. Lie and W. Liebig and J.N. Lilley and C. Limbach and A. Limosani and M. Limper and S.C. Lin and F. Linde and J.T. Linnemann and E. Lipeles and L. Lipinsky and A. Lipniacka and T.M. Liss and D. Lissauer and A. Lister and A.M. Litke and C. Liu and D. Liu and H. Liu and J.B. Liu and M. Liu and Y. Liu and M. Livan and S.S.A. Livermore and A. Lleres and J. Llorente Merino and S.L. Lloyd and E. Lobodzinska and P. Loch and W.S. Lockman and T. Loddenkoetter and F.K. Loebinger and A. Loginov and C.W. Loh and T. Lohse and K. Lohwasser and M. Lokajicek and J. Loken and V.P. Lombardo and R.E. Long and L. Lopes and D. Lopez Mateos and J. Lorenz and N. Lorenzo Martinez and M. Losada and P. Loscutoff and F. Lo Sterzo and M.J. Losty and X. Lou and A. Lounis and K.F. Loureiro and J. Love and P.A. Love and A.J. Lowe and F. Lu and H.J. Lubatti and C. Luci and A. Lucotte and A. Ludwig and D. Ludwig and I. Ludwig and J. Ludwig and F. Luehring and G. Luijckx and W. Lukas and D. Lumb and L. Luminari and E. Lund and B. Lund-Jensen and B. Lundberg and J. Lundberg and J. Lundquist and M. Lungwitz and G. Lutz and D. Lynn and J. Lys and E. Lytken and H. Ma and L.L. Ma and J.A. Macana Goia and G. Maccarrone and A. Macchiolo and B. Ma{\v c}ek and J. Machado Miguens and R. Mackeprang and R.J. Madaras and W.F. Mader and R. Maenner and T. Maeno and P. M{\"a}ttig and S. M{\"a}ttig and L. Magnoni and E. Magradze and Y. Mahalalel and K. Mahboubi and S. Mahmoud and G. Mahout and C. Maiani and C. Maidantchik and A. Maio and S. Majewski and Y. Makida and N. Makovec and P. Mal and B. Malaescu and Pa. Malecki and P. Malecki and V.P. Maleev and F. Malek and U. Mallik and D. Malon and C. Malone and S. Maltezos and V. Malyshev and S. Malyukov and R. Mameghani and J. Mamuzic and A. Manabe and L. Mandelli and I. Mandi{\'c} and R. Mandrysch and J. Maneira and P.S. Mangeard and L. Manhaes de Andrade Filho and I.D. Manjavidze and A. Mann and P.M. Manning and A. Manousakis-Katsikakis and B. Mansoulie and A. Manz and A. Mapelli and L. Mapelli and L. March and J.F. Marchand and F. Marchese and G. Marchiori and M. Marcisovsky and C.P. Marino and F. Marroquim and R. Marshall and Z. Marshall and F.K. Martens and S. Marti-Garcia and A.J. Martin and B. Martin and B. Martin and F.F. Martin and J.P. Martin and Ph. Martin and T.A. Martin and V.J. Martin and B. Martin dit Latour and S. Martin-Haugh and M. Martinez and V. Martinez Outschoorn and A.C. Martyniuk and M. Marx and F. Marzano and A. Marzin and L. Masetti and T. Mashimo and R. Mashinistov and J. Masik and A.L. Maslennikov and I. Massa and G. Massaro and N. Massol and P. Mastrandrea and A. Mastroberardino and T. Masubuchi and P. Matricon and H. Matsumoto and H. Matsunaga and T. Matsushita and C. Mattravers and J.M. Maugain and J. Maurer and S.J. Maxfield and D.A. Maximov and E.N. May and A. Mayne and R. Mazini and M. Mazur and M. Mazzanti and S.P. Mc Kee and A. McCarn and R.L. McCarthy and T.G. McCarthy and N.A. McCubbin and K.W. McFarlane and J.A. Mcfayden and H. McGlone and G. Mchedlidze and R.A. McLaren and T. Mclaughlan and S.J. McMahon and R.A. McPherson and A. Meade and J. Mechnich and M. Mechtel and M. Medinnis and R. Meera-Lebbai and T. Meguro and R. Mehdiyev and S. Mehlhase and A. Mehta and K. Meier and B. Meirose and C. Melachrinos and B.R. Mellado Garcia and L. Mendoza Navas and Z. Meng and A. Mengarelli and S. Menke and C. Menot and E. Meoni and K.M. Mercurio and P. Mermod and L. Merola and C. Meroni and F.S. Merritt and H. Merritt and A. Messina and J. Metcalfe and A.S. Mete and C. Meyer and C. Meyer and J.-P. Meyer and J. Meyer and J. Meyer and T.C. Meyer and W.T. Meyer and J. Miao and S. Michal and L. Micu and R.P. Middleton and S. Migas and L. Mijovi{\'c} and G. Mikenberg and M. Mikestikova and M. Miku{\v z} and D.W. Miller and R.J. Miller and W.J. Mills and C. Mills and A. Milov and D.A. Milstead and D. Milstein and A.A. Minaenko and M. Mi{\~n}ano Moya and I.A. Minashvili and A.I. Mincer and B. Mindur and M. Mineev and Y. Ming and L.M. Mir and G. Mirabelli and L. Miralles Verge and A. Misiejuk and J. Mitrevski and G.Y. Mitrofanov and V.A. Mitsou and S. Mitsui and P.S. Miyagawa and K. Miyazaki and J.U. Mj{\"o}rnmark and T. Moa and P. Mockett and S. Moed and V. Moeller and K. M{\"o}nig and N. M{\"o}ser and S. Mohapatra and W. Mohr and S. Mohrdieck-M{\"o}ck and A.M. Moisseev and R. Moles-Valls and J. Molina-Perez and J. Monk and E. Monnier and S. Montesano and F. Monticelli and S. Monzani and R.W. Moore and G.F. Moorhead and C. Mora Herrera and A. Moraes and N. Morange and J. Morel and G. Morello and D. Moreno and M. Moreno Ll{\'a}cer and P. Morettini and M. Morgenstern and M. Morii and J. Morin and A.K. Morley and G. Mornacchi and S.V. Morozov and J.D. Morris and L. Morvaj and H.G. Moser and M. Mosidze and J. Moss and R. Mount and E. Mountricha and S.V. Mouraviev and E.J.W. Moyse and M. Mudrinic and F. Mueller and J. Mueller and K. Mueller and T.A. M{\"u}ller and T. Mueller and D. Muenstermann and A. Muir and Y. Munwes and W.J. Murray and I. Mussche and E. Musto and A.G. Myagkov and J. Nadal and K. Nagai and K. Nagano and A. Nagarkar and Y. Nagasaka and M. Nagel and A.M. Nairz and Y. Nakahama and K. Nakamura and T. Nakamura and I. Nakano and G. Nanava and A. Napier and R. Narayan and M. Nash and N.R. Nation and T. Nattermann and T. Naumann and G. Navarro and H.A. Neal and E. Nebot and P.Yu. Nechaeva and T.J. Neep and A. Negri and G. Negri and S. Nektarijevic and A. Nelson and T.K. Nelson and S. Nemecek and P. Nemethy and A.A. Nepomuceno and M. Nessi and M.S. Neubauer and A. Neusiedl and R.M. Neves and P. Nevski and P.R. Newman and V. Nguyen Thi Hong and R.B. Nickerson and R. Nicolaidou and L. Nicolas and B. Nicquevert and F. Niedercorn and J. Nielsen and T. Niinikoski and N. Nikiforou and A. Nikiforov and V. Nikolaenko and K. Nikolaev and I. Nikolic-Audit and K. Nikolics and K. Nikolopoulos and H. Nilsen and P. Nilsson and Y. Ninomiya and A. Nisati and T. Nishiyama and R. Nisius and L. Nodulman and M. Nomachi and I. Nomidis and M. Nordberg and B. Nordkvist and P.R. Norton and J. Novakova and M. Nozaki and L. Nozka and I.M. Nugent and A.-E. Nuncio-Quiroz and G. Nunes Hanninger and T. Nunnemann and E. Nurse and B.J. OʼBrien and S.W. OʼNeale and D.C. OʼNeil and V. OʼShea and L.B. Oakes and F.G. Oakham and H. Oberlack and J. Ocariz and A. Ochi and S. Oda and S. Odaka and J. Odier and H. Ogren and A. Oh and S.H. Oh and C.C. Ohm and T. Ohshima and H. Ohshita and S. Okada and H. Okawa and Y. Okumura and T. Okuyama and A. Olariu and M. Olcese and A.G. Olchevski and S.A. Olivares Pino and M. Oliveira and D. Oliveira Damazio and E. Oliver Garcia and D. Olivito and A. Olszewski and J. Olszowska and C. Omachi and A. Onofre and P.U.E. Onyisi and C.J. Oram and M.J. Oreglia and Y. Oren and D. Orestano and N. Orlando and I. Orlov and C. Oropeza Barrera and R.S. Orr and B. Osculati and R. Ospanov and C. Osuna and G. Otero y Garzon and J.P. Ottersbach and M. Ouchrif and E.A. Ouellette and F. Ould-Saada and A. Ouraou and Q. Ouyang and A. Ovcharova and M. Owen and S. Owen and V.E. Ozcan and N. Ozturk and A. Pacheco Pages and C. Padilla Aranda and S. Pagan Griso and E. Paganis and F. Paige and P. Pais and K. Pajchel and G. Palacino and C.P. Paleari and S. Palestini and D. Pallin and A. Palma and J.D. Palmer and Y.B. Pan and E. Panagiotopoulou and B. Panes and N. Panikashvili and S. Panitkin and D. Pantea and M. Panuskova and V. Paolone and A. Papadelis and Th.D. Papadopoulou and A. Paramonov and W. Park and M.A. Parker and F. Parodi and J.A. Parsons and U. Parzefall and S. Pashapour and E. Pasqualucci and S. Passaggio and A. Passeri and F. Pastore and Fr. Pastore and G. P{\'a}sztor and S. Pataraia and N. Patel and J.R. Pater and S. Patricelli and T. Pauly and M. Pecsy and M.I. Pedraza Morales and S.V. Peleganchuk and H. Peng and B. Penning and A. Penson and J. Penwell and M. Perantoni and K. Perez and T. Perez Cavalcanti and E. Perez Codina and M.T. P{\'e}rez Garc{\'\i}a-Esta{\~n} and V. Perez Reale and L. Perini and H. Pernegger and R. Perrino and P. Perrodo and S. Persembe and V.D. Peshekhonov and K. Peters and B.A. Petersen and J. Petersen and T.C. Petersen and E. Petit and A. Petridis and C. Petridou and E. Petrolo and F. Petrucci and D. Petschull and M. Petteni and R. Pezoa and A. Phan and P.W. Phillips and G. Piacquadio and A. Picazio and E. Piccaro and M. Piccinini and S.M. Piec and R. Piegaia and D.T. Pignotti and J.E. Pilcher and A.D. Pilkington and J. Pina and M. Pinamonti and A. Pinder and J.L. Pinfold and J. Ping and B. Pinto and O. Pirotte and C. Pizio and R. Placakyte and M. Plamondon and M.-A. Pleier and A.V. Pleskach and E. Plotnikova and A. Poblaguev and S. Poddar and F. Podlyski and L. Poggioli and T. Poghosyan and M. Pohl and F. Polci and G. Polesello and A. Policicchio and A. Polini and J. Poll and V. Polychronakos and D.M. Pomarede and D. Pomeroy and K. Pomm{\`e}s and L. Pontecorvo and B.G. Pope and G.A. Popeneciu and D.S. Popovic and A. Poppleton and X. Portell Bueso and C. Posch and G.E. Pospelov and S. Pospisil and I.N. Potrap and C.J. Potter and C.T. Potter and G. Poulard and J. Poveda and V. Pozdnyakov and R. Prabhu and P. Pralavorio and A. Pranko and S. Prasad and R. Pravahan and S. Prell and K. Pretzl and L. Pribyl and D. Price and J. Price and L.E. Price and M.J. Price and D. Prieur and M. Primavera and K. Prokofiev and F. Prokoshin and S. Protopopescu and J. Proudfoot and X. Prudent and M. Przybycien and H. Przysiezniak and S. Psoroulas and E. Ptacek and E. Pueschel and J. Purdham and M. Purohit and P. Puzo and Y. Pylypchenko and J. Qian and Z. Qian and Z. Qin and A. Quadt and D.R. Quarrie and W.B. Quayle and F. Quinonez and M. Raas and V. Radescu and B. Radics and P. Radloff and T. Rador and F. Ragusa and G. Rahal and A.M. Rahimi and D. Rahm and S. Rajagopalan and M. Rammensee and M. Rammes and A.S. Randle-Conde and K. Randrianarivony and P.N. Ratoff and F. Rauscher and T.C. Rave and M. Raymond and A.L. Read and D.M. Rebuzzi and A. Redelbach and G. Redlinger and R. Reece and K. Reeves and A. Reichold and E. Reinherz-Aronis and A. Reinsch and I. Reisinger and C. Rembser and Z.L. Ren and A. Renaud and M. Rescigno and S. Resconi and B. Resende and P. Reznicek and R. Rezvani and A. Richards and R. Richter and E. Richter-Was and M. Ridel and M. Rijpstra and M. Rijssenbeek and A. Rimoldi and L. Rinaldi and R.R. Rios and I. Riu and G. Rivoltella and F. Rizatdinova and E. Rizvi and S.H. Robertson and A. Robichaud-Veronneau and D. Robinson and J.E.M. Robinson and A. Robson and J.G. Rocha de Lima and C. Roda and D. Roda Dos Santos and D. Rodriguez and A. Roe and S. Roe and O. R{\o}hne and V. Rojo and S. Rolli and A. Romaniouk and M. Romano and V.M. Romanov and G. Romeo and E. Romero Adam and L. Roos and E. Ros and S. Rosati and K. Rosbach and A. Rose and M. Rose and G.A. Rosenbaum and E.I. Rosenberg and P.L. Rosendahl and O. Rosenthal and L. Rosselet and V. Rossetti and E. Rossi and L.P. Rossi and M. Rotaru and I. Roth and J. Rothberg and D. Rousseau and C.R. Royon and A. Rozanov and Y. Rozen and X. Ruan and I. Rubinskiy and B. Ruckert and N. Ruckstuhl and V.I. Rud and C. Rudolph and G. Rudolph and F. R{\"u}hr and F. Ruggieri and A. Ruiz-Martinez and V. Rumiantsev and L. Rumyantsev and K. Runge and Z. Rurikova and N.A. Rusakovich and J.P. Rutherfoord and C. Ruwiedel and P. Ruzicka and Y.F. Ryabov and V. Ryadovikov and P. Ryan and M. Rybar and G. Rybkin and N.C. Ryder and S. Rzaeva and A.F. Saavedra and I. Sadeh and H.F.-W. Sadrozinski and R. Sadykov and F. Safai Tehrani and H. Sakamoto and G. Salamanna and A. Salamon and M. Saleem and D. Salihagic and A. Salnikov and J. Salt and B.M. Salvachua Ferrando and D. Salvatore and F. Salvatore and A. Salvucci and A. Salzburger and D. Sampsonidis and B.H. Samset and A. Sanchez and V. Sanchez Martinez and H. Sandaker and H.G. Sander and M.P. Sanders and M. Sandhoff and T. Sandoval and C. Sandoval and R. Sandstroem and S. Sandvoss and D.P.C. Sankey and A. Sansoni and C. Santamarina Rios and C. Santoni and R. Santonico and H. Santos and J.G. Saraiva and T. Sarangi and E. Sarkisyan-Grinbaum and F. Sarri and G. Sartisohn and O. Sasaki and T. Sasaki and N. Sasao and I. Satsounkevitch and G. Sauvage and E. Sauvan and J.B. Sauvan and P. Savard and V. Savinov and D.O. Savu and L. Sawyer and D.H. Saxon and J. Saxon and L.P. Says and C. Sbarra and A. Sbrizzi and O. Scallon and D.A. Scannicchio and M. Scarcella and J. Schaarschmidt and P. Schacht and D. Schaefer and U. Sch{\"a}fer and S. Schaepe and S. Schaetzel and A.C. Schaffer and D. Schaile and R.D. Schamberger and A.G. Schamov and V. Scharf and V.A. Schegelsky and D. Scheirich and M. Schernau and M.I. Scherzer and C. Schiavi and J. Schieck and M. Schioppa and S. Schlenker and J.L. Schlereth and E. Schmidt and K. Schmieden and C. Schmitt and S. Schmitt and M. Schmitz and A. Sch{\"o}ning and M. Schott and D. Schouten and J. Schovancova and M. Schram and C. Schroeder and N. Schroer and G. Schuler and M.J. Schultens and J. Schultes and H.-C. Schultz-Coulon and H. Schulz and J.W. Schumacher and M. Schumacher and B.A. Schumm and Ph. Schune and A. Schwartzman and Ph. Schwemling and R. Schwienhorst and R. Schwierz and J. Schwindling and T. Schwindt and M. Schwoerer and G. Sciolla and W.G. Scott and J. Searcy and G. Sedov and E. Sedykh and E. Segura and S.C. Seidel and A. Seiden and F. Seifert and J.M. Seixas and G. Sekhniaidze and S.J. Sekula and K.E. Selbach and D.M. Seliverstov and B. Sellden and G. Sellers and M. Seman and N. Semprini-Cesari and C. Serfon and L. Serin and L. Serkin and R. Seuster and H. Severini and M.E. Sevior and A. Sfyrla and E. Shabalina and M. Shamim and L.Y. Shan and J.T. Shank and Q.T. Shao and M. Shapiro and P.B. Shatalov and L. Shaver and K. Shaw and D. Sherman and P. Sherwood and A. Shibata and H. Shichi and S. Shimizu and M. Shimojima and T. Shin and M. Shiyakova and A. Shmeleva and M.J. Shochet and D. Short and S. Shrestha and E. Shulga and M.A. Shupe and P. Sicho and A. Sidoti and F. Siegert and Dj. Sijacki and O. Silbert and J. Silva and Y. Silver and D. Silverstein and S.B. Silverstein and V. Simak and O. Simard and Lj. Simic and S. Simion and B. Simmons and R. Simoniello and M. Simonyan and P. Sinervo and N.B. Sinev and V. Sipica and G. Siragusa and A. Sircar and A.N. Sisakyan and S.Yu. Sivoklokov and J. Sj{\"o}lin and T.B. Sjursen and L.A. Skinnari and H.P. Skottowe and K. Skovpen and P. Skubic and N. Skvorodnev and M. Slater and T. Slavicek and K. Sliwa and J. Sloper and V. Smakhtin and B.H. Smart and S.Yu. Smirnov and Y. Smirnov and L.N. Smirnova and O. Smirnova and B.C. Smith and D. Smith and K.M. Smith and M. Smizanska and K. Smolek and A.A. Snesarev and S.W. Snow and J. Snow and J. Snuverink and S. Snyder and M. Soares and R. Sobie and J. Sodomka and A. Soffer and C.A. Solans and M. Solar and J. Solc and E. Soldatov and U. Soldevila and E. Solfaroli Camillocci and A.A. Solodkov and O.V. Solovyanov and N. Soni and V. Sopko and B. Sopko and M. Sosebee and R. Soualah and A. Soukharev and S. Spagnolo and F. Span{\`o} and R. Spighi and G. Spigo and F. Spila and R. Spiwoks and M. Spousta and T. Spreitzer and B. Spurlock and R.D. St. Denis and J. Stahlman and R. Stamen and E. Stanecka and R.W. Stanek and C. Stanescu and M. Stanescu-Bellu and S. Stapnes and E.A. Starchenko and J. Stark and P. Staroba and P. Starovoitov and A. Staude and P. Stavina and G. Steele and P. Steinbach and P. Steinberg and I. Stekl and B. Stelzer and H.J. Stelzer and O. Stelzer-Chilton and H. Stenzel and S. Stern and K. Stevenson and G.A. Stewart and J.A. Stillings and M.C. Stockton and K. Stoerig and G. Stoicea and S. Stonjek and P. Strachota and A.R. Stradling and A. Straessner and J. Strandberg and S. Strandberg and A. Strandlie and M. Strang and E. Strauss and M. Strauss and P. Strizenec and R. Str{\"o}hmer and D.M. Strom and J.A. Strong and R. Stroynowski and J. Strube and B. Stugu and I. Stumer and J. Stupak and P. Sturm and N.A. Styles and D.A. Soh and D. Su and HS. Subramania and A. Succurro and Y. Sugaya and T. Sugimoto and C. Suhr and K. Suita and M. Suk and V.V. Sulin and S. Sultansoy and T. Sumida and X. Sun and J.E. Sundermann and K. Suruliz and S. Sushkov and G. Susinno and M.R. Sutton and Y. Suzuki and Y. Suzuki and M. Svatos and Yu.M. Sviridov and S. Swedish and I. Sykora and T. Sykora and B. Szeless and J. S{\'a}nchez and D. Ta and K. Tackmann and A. Taffard and R. Tafirout and N. Taiblum and Y. Takahashi and H. Takai and R. Takashima and H. Takeda and T. Takeshita and Y. Takubo and M. Talby and A. Talyshev and M.C. Tamsett and J. Tanaka and R. Tanaka and S. Tanaka and S. Tanaka and Y. Tanaka and A.J. Tanasijczuk and K. Tani and N. Tannoury and G.P. Tappern and S. Tapprogge and D. Tardif and S. Tarem and F. Tarrade and G.F. Tartarelli and P. Tas and M. Tasevsky and E. Tassi and M. Tatarkhanov and Y. Tayalati and C. Taylor and F.E. Taylor and G.N. Taylor and W. Taylor and M. Teinturier and M. Teixeira Dias Castanheira and P. Teixeira-Dias and K.K. Temming and H. Ten Kate and P.K. Teng and S. Terada and K. Terashi and J. Terron and M. Testa and R.J. Teuscher and J. Thadome and J. Therhaag and T. Theveneaux-Pelzer and M. Thioye and S. Thoma and J.P. Thomas and E.N. Thompson and P.D. Thompson and P.D. Thompson and A.S. Thompson and L.A. Thomsen and E. Thomson and M. Thomson and R.P. Thun and F. Tian and M.J. Tibbetts and T. Tic and V.O. Tikhomirov and Y.A. Tikhonov and S. Timoshenko and P. Tipton and F.J. Tique Aires Viegas and S. Tisserant and J. Tobias and B. Toczek and T. Todorov and S. Todorova-Nova and B. Toggerson and J. Tojo and S. Tok{\'a}r and K. Tokunaga and K. Tokushuku and K. Tollefson and M. Tomoto and L. Tompkins and K. Toms and G. Tong and A. Tonoyan and C. Topfel and N.D. Topilin and I. Torchiani and E. Torrence and H. Torres and E. Torr{\'o} Pastor and J. Toth and F. Touchard and D.R. Tovey and T. Trefzger and L. Tremblet and A. Tricoli and I.M. Trigger and S. Trincaz-Duvoid and T.N. Trinh and M.F. Tripiana and W. Trischuk and A. Trivedi and B. Trocm{\'e} and C. Troncon and M. Trottier-McDonald and M. Trzebinski and A. Trzupek and C. Tsarouchas and J.C.-L. Tseng and M. Tsiakiris and P.V. Tsiareshka and D. Tsionou and G. Tsipolitis and V. Tsiskaridze and E.G. Tskhadadze and I.I. Tsukerman and V. Tsulaia and J.-W. Tsung and S. Tsuno and D. Tsybychev and A. Tua and A. Tudorache and V. Tudorache and J.M. Tuggle and M. Turala and D. Turecek and I. Turk Cakir and E. Turlay and R. Turra and P.M. Tuts and A. Tykhonov and M. Tylmad and M. Tyndel and G. Tzanakos and K. Uchida and I. Ueda and R. Ueno and M. Ugland and M. Uhlenbrock and M. Uhrmacher and F. Ukegawa and G. Unal and D.G. Underwood and A. Undrus and G. Unel and Y. Unno and D. Urbaniec and G. Usai and M. Uslenghi and L. Vacavant and V. Vacek and B. Vachon and S. Vahsen and J. Valenta and P. Valente and S. Valentinetti and S. Valkar and E. Valladolid Gallego and S. Vallecorsa and J.A. Valls Ferrer and H. van der Graaf and E. van der Kraaij and R. Van Der Leeuw and E. van der Poel and D. van der Ster and N. van Eldik and P. van Gemmeren and Z. van Kesteren and I. van Vulpen and M. Vanadia and W. Vandelli and G. Vandoni and A. Vaniachine and P. Vankov and F. Vannucci and F. Varela Rodriguez and R. Vari and E.W. Varnes and T. Varol and D. Varouchas and A. Vartapetian and K.E. Varvell and V.I. Vassilakopoulos and F. Vazeille and T. Vazquez Schroeder and G. Vegni and J.J. Veillet and C. Vellidis and F. Veloso and R. Veness and S. Veneziano and A. Ventura and D. Ventura and M. Venturi and N. Venturi and V. Vercesi and M. Verducci and W. Verkerke and J.C. Vermeulen and A. Vest and M.C. Vetterli and I. Vichou and T. Vickey and O.E. Vickey Boeriu and G.H.A. Viehhauser and S. Viel and M. Villa and M. Villaplana Perez and E. Vilucchi and M.G. Vincter and E. Vinek and V.B. Vinogradov and M. Virchaux and J. Virzi and O. Vitells and M. Viti and I. Vivarelli and F. Vives Vaque and S. Vlachos and D. Vladoiu and M. Vlasak and N. Vlasov and A. Vogel and P. Vokac and G. Volpi and M. Volpi and G. Volpini and H. von der Schmitt and J. von Loeben and H. von Radziewski and E. von Toerne and V. Vorobel and A.P. Vorobiev and V. Vorwerk and M. Vos and R. Voss and T.T. Voss and J.H. Vossebeld and N. Vranjes and M. Vranjes Milosavljevic and V. Vrba and M. Vreeswijk and T. Vu Anh and R. Vuillermet and I. Vukotic and W. Wagner and P. Wagner and H. Wahlen and J. Wakabayashi and S. Walch and J. Walder and R. Walker and W. Walkowiak and R. Wall and P. Waller and C. Wang and H. Wang and H. Wang and J. Wang and J. Wang and J.C. Wang and R. Wang and S.M. Wang and A. Warburton and C.P. Ward and M. Warsinsky and C. Wasicki and P.M. Watkins and A.T. Watson and I.J. Watson and M.F. Watson and G. Watts and S. Watts and A.T. Waugh and B.M. Waugh and M. Weber and M.S. Weber and P. Weber and A.R. Weidberg and P. Weigell and J. Weingarten and C. Weiser and H. Wellenstein and P.S. Wells and T. Wenaus and D. Wendland and S. Wendler and Z. Weng and T. Wengler and S. Wenig and N. Wermes and M. Werner and P. Werner and M. Werth and M. Wessels and J. Wetter and C. Weydert and K. Whalen and S.J. Wheeler-Ellis and S.P. Whitaker and A. White and M.J. White and S.R. Whitehead and D. Whiteson and D. Whittington and F. Wicek and D. Wicke and F.J. Wickens and W. Wiedenmann and M. Wielers and P. Wienemann and C. Wiglesworth and L.A.M. Wiik and P.A. Wijeratne and A. Wildauer and M.A. Wildt and I. Wilhelm and H.G. Wilkens and J.Z. Will and E. Williams and H.H. Williams and W. Willis and S. Willocq and J.A. Wilson and M.G. Wilson and A. Wilson and I. Wingerter-Seez and S. Winkelmann and F. Winklmeier and M. Wittgen and M.W. Wolter and H. Wolters and W.C. Wong and G. Wooden and B.K. Wosiek and J. Wotschack and M.J. Woudstra and K.W. Wozniak and K. Wraight and C. Wright and M. Wright and B. Wrona and S.L. Wu and X. Wu and Y. Wu and E. Wulf and R. Wunstorf and B.M. Wynne and S. Xella and M. Xiao and S. Xie and Y. Xie and C. Xu and D. Xu and G. Xu and B. Yabsley and S. Yacoob and M. Yamada and H. Yamaguchi and A. Yamamoto and K. Yamamoto and S. Yamamoto and T. Yamamura and T. Yamanaka and J. Yamaoka and T. Yamazaki and Y. Yamazaki and Z. Yan and H. Yang and U.K. Yang and Y. Yang and Y. Yang and Z. Yang and S. Yanush and Y. Yao and Y. Yasu and G.V. Ybeles Smit and J. Ye and S. Ye and M. Yilmaz and R. Yoosoofmiya and K. Yorita and R. Yoshida and C. Young and S. Youssef and D. Yu and J. Yu and J. Yu and L. Yuan and A. Yurkewicz and B. Zabinski and V.G. Zaets and R. Zaidan and A.M. Zaitsev and Z. Zajacova and L. Zanello and A. Zaytsev and C. Zeitnitz and M. Zeller and M. Zeman and A. Zemla and C. Zendler and O. Zenin and T. {\v Z}eni{\v s} and Z. Zenonos and S. Zenz and D. Zerwas and G. Zevi della Porta and Z. Zhan and D. Zhang and H. Zhang and J. Zhang and X. Zhang and Z. Zhang and L. Zhao and T. Zhao and Z. Zhao and A. Zhemchugov and S. Zheng and J. Zhong and B. Zhou and N. Zhou and Y. Zhou and C.G. Zhu and H. Zhu and J. Zhu and Y. Zhu and X. Zhuang and V. Zhuravlov and D. Zieminska and R. Zimmermann and S. Zimmermann and S. Zimmermann and M. Ziolkowski and R. Zitoun and L. {\v Z}ivkovi{\'c} and V.V. Zmouchko and G. Zobernig and A. Zoccoli and A. Zsenei and M. zur Nedden and V. Zutshi and L. Zwalinski},
	Doi = {http://dx.doi.org/10.1016/j.physletb.2012.02.044},
	Issn = {0370-2693},
	Journal = {Physics Letters B},
	Number = {1},
	Pages = {49 - 66},
	Title = {Combined search for the Standard Model Higgs boson using up to 4.9 fb−1 of pp collision data at with the \{ATLAS\} detector at the \{LHC\}},
	Url = {http://www.sciencedirect.com/science/article/pii/S0370269312001852},
	Volume = {710},
	Year = {2012},
	Bdsk-Url-1 = {http://www.sciencedirect.com/science/article/pii/S0370269312001852},
	Bdsk-Url-2 = {http://dx.doi.org/10.1016/j.physletb.2012.02.044}}
